%YAML 1.1
%TAG !u! tag:unity3d.com,2011:
--- !u!1 &1484056032055366
GameObject:
  m_ObjectHideFlags: 0
  m_CorrespondingSourceObject: {fileID: 0}
  m_PrefabInstance: {fileID: 0}
  m_PrefabAsset: {fileID: 0}
  serializedVersion: 6
  m_Component:
  - component: {fileID: 4904212694774762}
  - component: {fileID: 54939686407075874}
  - component: {fileID: 114148495533847358}
  m_Layer: 10
  m_Name: Green Slime Bullet
  m_TagString: Untagged
  m_Icon: {fileID: 0}
  m_NavMeshLayer: 0
  m_StaticEditorFlags: 0
  m_IsActive: 1
--- !u!4 &4904212694774762
Transform:
  m_ObjectHideFlags: 0
  m_CorrespondingSourceObject: {fileID: 0}
  m_PrefabInstance: {fileID: 0}
  m_PrefabAsset: {fileID: 0}
  m_GameObject: {fileID: 1484056032055366}
  m_LocalRotation: {x: 0, y: 0, z: 0, w: 1}
  m_LocalPosition: {x: 0, y: 0, z: 0}
  m_LocalScale: {x: 10, y: 10, z: 10}
  m_ConstrainProportionsScale: 0
  m_Children:
  - {fileID: 3258407875088106694}
  m_Father: {fileID: 0}
  m_RootOrder: 0
  m_LocalEulerAnglesHint: {x: 0, y: 0, z: 0}
--- !u!54 &54939686407075874
Rigidbody:
  m_ObjectHideFlags: 0
  m_CorrespondingSourceObject: {fileID: 0}
  m_PrefabInstance: {fileID: 0}
  m_PrefabAsset: {fileID: 0}
  m_GameObject: {fileID: 1484056032055366}
  serializedVersion: 2
  m_Mass: 0.01
  m_Drag: 0
  m_AngularDrag: 0
  m_UseGravity: 0
  m_IsKinematic: 0
  m_Interpolate: 0
  m_Constraints: 0
  m_CollisionDetection: 1
--- !u!114 &114148495533847358
MonoBehaviour:
  m_ObjectHideFlags: 0
  m_CorrespondingSourceObject: {fileID: 0}
  m_PrefabInstance: {fileID: 0}
  m_PrefabAsset: {fileID: 0}
  m_GameObject: {fileID: 1484056032055366}
  m_Enabled: 1
  m_EditorHideFlags: 0
  m_Script: {fileID: 11500000, guid: 8c63924321732d24f91524bf8bf8e919, type: 3}
  m_Name: 
  m_EditorClassIdentifier: 
  trs: {fileID: 4904212694774762}
  prefabIndex: 0
  damage: 1
  destroyOnContact: 1
  dead: 0
  range: 45
  rigid: {fileID: 54939686407075874}
  moveSpeed: 30
  shooter: {fileID: 0}
  collider: {fileID: 2458108993868729356}
--- !u!1001 &3023173743473506300
PrefabInstance:
  m_ObjectHideFlags: 0
  serializedVersion: 2
  m_Modification:
    m_TransformParent: {fileID: 4904212694774762}
    m_Modifications:
    - target: {fileID: 345730652159669050, guid: d2cb83d0c6ce12d45a193a89bf2a8b1a, type: 3}
      propertyPath: m_RootOrder
      value: 0
      objectReference: {fileID: 0}
    - target: {fileID: 345730652159669050, guid: d2cb83d0c6ce12d45a193a89bf2a8b1a, type: 3}
      propertyPath: m_LocalPosition.x
      value: 0
      objectReference: {fileID: 0}
    - target: {fileID: 345730652159669050, guid: d2cb83d0c6ce12d45a193a89bf2a8b1a, type: 3}
      propertyPath: m_LocalPosition.y
      value: 0
      objectReference: {fileID: 0}
    - target: {fileID: 345730652159669050, guid: d2cb83d0c6ce12d45a193a89bf2a8b1a, type: 3}
      propertyPath: m_LocalPosition.z
      value: 0
      objectReference: {fileID: 0}
    - target: {fileID: 345730652159669050, guid: d2cb83d0c6ce12d45a193a89bf2a8b1a, type: 3}
      propertyPath: m_LocalRotation.w
      value: 1
      objectReference: {fileID: 0}
    - target: {fileID: 345730652159669050, guid: d2cb83d0c6ce12d45a193a89bf2a8b1a, type: 3}
      propertyPath: m_LocalRotation.x
      value: 0
      objectReference: {fileID: 0}
    - target: {fileID: 345730652159669050, guid: d2cb83d0c6ce12d45a193a89bf2a8b1a, type: 3}
      propertyPath: m_LocalRotation.y
      value: 0
      objectReference: {fileID: 0}
    - target: {fileID: 345730652159669050, guid: d2cb83d0c6ce12d45a193a89bf2a8b1a, type: 3}
      propertyPath: m_LocalRotation.z
      value: 0
      objectReference: {fileID: 0}
    - target: {fileID: 345730652159669050, guid: d2cb83d0c6ce12d45a193a89bf2a8b1a, type: 3}
      propertyPath: m_LocalEulerAnglesHint.x
      value: 0
      objectReference: {fileID: 0}
    - target: {fileID: 345730652159669050, guid: d2cb83d0c6ce12d45a193a89bf2a8b1a, type: 3}
      propertyPath: m_LocalEulerAnglesHint.y
      value: 0
      objectReference: {fileID: 0}
    - target: {fileID: 345730652159669050, guid: d2cb83d0c6ce12d45a193a89bf2a8b1a, type: 3}
      propertyPath: m_LocalEulerAnglesHint.z
      value: 0
      objectReference: {fileID: 0}
    - target: {fileID: 6976681916523358201, guid: d2cb83d0c6ce12d45a193a89bf2a8b1a, type: 3}
      propertyPath: m_Enabled
      value: 1
      objectReference: {fileID: 0}
    - target: {fileID: 8382301526265989315, guid: d2cb83d0c6ce12d45a193a89bf2a8b1a, type: 3}
      propertyPath: m_Name
      value: Green Slime Bullet
      objectReference: {fileID: 0}
    m_RemovedComponents:
    - {fileID: 3194897566998087129, guid: d2cb83d0c6ce12d45a193a89bf2a8b1a, type: 3}
    - {fileID: 917742169011836743, guid: d2cb83d0c6ce12d45a193a89bf2a8b1a, type: 3}
  m_SourcePrefab: {fileID: 100100000, guid: d2cb83d0c6ce12d45a193a89bf2a8b1a, type: 3}
--- !u!4 &3258407875088106694 stripped
Transform:
  m_CorrespondingSourceObject: {fileID: 345730652159669050, guid: d2cb83d0c6ce12d45a193a89bf2a8b1a, type: 3}
  m_PrefabInstance: {fileID: 3023173743473506300}
  m_PrefabAsset: {fileID: 0}
--- !u!1 &4934989074036300102 stripped
GameObject:
  m_CorrespondingSourceObject: {fileID: 7892807842059038394, guid: d2cb83d0c6ce12d45a193a89bf2a8b1a, type: 3}
  m_PrefabInstance: {fileID: 3023173743473506300}
  m_PrefabAsset: {fileID: 0}
--- !u!135 &2458108993868729356
SphereCollider:
  m_ObjectHideFlags: 0
  m_CorrespondingSourceObject: {fileID: 0}
  m_PrefabInstance: {fileID: 0}
  m_PrefabAsset: {fileID: 0}
  m_GameObject: {fileID: 4934989074036300102}
  m_Material: {fileID: 0}
  m_IsTrigger: 1
  m_Enabled: 1
  serializedVersion: 2
  m_Radius: 0.05626115
  m_Center: {x: -0.0041996054, y: 0.020117208, z: -0.006620312}
