%YAML 1.1
%TAG !u! tag:unity3d.com,2011:
--- !u!1 &705678371338833559
GameObject:
  m_ObjectHideFlags: 0
  m_CorrespondingSourceObject: {fileID: 0}
  m_PrefabInstance: {fileID: 0}
  m_PrefabAsset: {fileID: 0}
  serializedVersion: 6
  m_Component:
  - component: {fileID: 1621299985734123821}
  m_Layer: 10
  m_Name: Level00
  m_TagString: Untagged
  m_Icon: {fileID: 0}
  m_NavMeshLayer: 0
  m_StaticEditorFlags: 0
  m_IsActive: 1
--- !u!4 &1621299985734123821
Transform:
  m_ObjectHideFlags: 0
  m_CorrespondingSourceObject: {fileID: 0}
  m_PrefabInstance: {fileID: 0}
  m_PrefabAsset: {fileID: 0}
  m_GameObject: {fileID: 705678371338833559}
  m_LocalRotation: {x: 0, y: 0, z: 0, w: 1}
  m_LocalPosition: {x: 0, y: 0, z: 0}
  m_LocalScale: {x: 1, y: 1, z: 1}
  m_ConstrainProportionsScale: 0
  m_Children:
  - {fileID: 888277532092923195}
  m_Father: {fileID: 2579327759998551359}
  m_RootOrder: 0
  m_LocalEulerAnglesHint: {x: 0, y: 0, z: 0}
--- !u!1 &5095873608724874662
GameObject:
  m_ObjectHideFlags: 0
  m_CorrespondingSourceObject: {fileID: 0}
  m_PrefabInstance: {fileID: 0}
  m_PrefabAsset: {fileID: 0}
  serializedVersion: 6
  m_Component:
  - component: {fileID: 2579327759998551359}
  m_Layer: 10
  m_Name: _UMS_LODs_
  m_TagString: Untagged
  m_Icon: {fileID: 0}
  m_NavMeshLayer: 0
  m_StaticEditorFlags: 0
  m_IsActive: 1
--- !u!4 &2579327759998551359
Transform:
  m_ObjectHideFlags: 0
  m_CorrespondingSourceObject: {fileID: 0}
  m_PrefabInstance: {fileID: 0}
  m_PrefabAsset: {fileID: 0}
  m_GameObject: {fileID: 5095873608724874662}
  m_LocalRotation: {x: 0, y: 0, z: 0, w: 1}
  m_LocalPosition: {x: 0, y: 0, z: 0}
  m_LocalScale: {x: 1, y: 1, z: 1}
  m_ConstrainProportionsScale: 0
  m_Children:
  - {fileID: 1621299985734123821}
  m_Father: {fileID: 345730652159669050}
  m_RootOrder: 1
  m_LocalEulerAnglesHint: {x: 0, y: 0, z: 0}
--- !u!1 &7892807842059038394
GameObject:
  m_ObjectHideFlags: 0
  m_CorrespondingSourceObject: {fileID: 0}
  m_PrefabInstance: {fileID: 0}
  m_PrefabAsset: {fileID: 0}
  serializedVersion: 6
  m_Component:
  - component: {fileID: 888277532092923195}
  - component: {fileID: 2337017638483171041}
  - component: {fileID: 7890558080711618154}
  m_Layer: 10
  m_Name: 000_static_Green Slime Bullet_combined_static
  m_TagString: Untagged
  m_Icon: {fileID: 0}
  m_NavMeshLayer: 0
  m_StaticEditorFlags: 0
  m_IsActive: 1
--- !u!4 &888277532092923195
Transform:
  m_ObjectHideFlags: 0
  m_CorrespondingSourceObject: {fileID: 0}
  m_PrefabInstance: {fileID: 0}
  m_PrefabAsset: {fileID: 0}
  m_GameObject: {fileID: 7892807842059038394}
  m_LocalRotation: {x: 0, y: 0, z: 0, w: 1}
  m_LocalPosition: {x: 0, y: 0, z: 0}
  m_LocalScale: {x: 1, y: 1, z: 1}
  m_ConstrainProportionsScale: 0
  m_Children: []
  m_Father: {fileID: 1621299985734123821}
  m_RootOrder: 0
  m_LocalEulerAnglesHint: {x: 0, y: 0, z: 0}
--- !u!33 &2337017638483171041
MeshFilter:
  m_ObjectHideFlags: 0
  m_CorrespondingSourceObject: {fileID: 0}
  m_PrefabInstance: {fileID: 0}
  m_PrefabAsset: {fileID: 0}
  m_GameObject: {fileID: 7892807842059038394}
  m_Mesh: {fileID: 4300000, guid: 4f32d320b82adb046b9d01738c0f4147, type: 2}
--- !u!23 &7890558080711618154
MeshRenderer:
  m_ObjectHideFlags: 0
  m_CorrespondingSourceObject: {fileID: 0}
  m_PrefabInstance: {fileID: 0}
  m_PrefabAsset: {fileID: 0}
  m_GameObject: {fileID: 7892807842059038394}
  m_Enabled: 1
  m_CastShadows: 1
  m_ReceiveShadows: 1
  m_DynamicOccludee: 1
  m_StaticShadowCaster: 0
  m_MotionVectors: 1
  m_LightProbeUsage: 1
  m_ReflectionProbeUsage: 1
  m_RayTracingMode: 2
  m_RayTraceProcedural: 0
  m_RenderingLayerMask: 1
  m_RendererPriority: 0
  m_Materials:
  - {fileID: 2100000, guid: d9264e6c0eb429975af335c6b05555af, type: 2}
  m_StaticBatchInfo:
    firstSubMesh: 0
    subMeshCount: 0
  m_StaticBatchRoot: {fileID: 0}
  m_ProbeAnchor: {fileID: 0}
  m_LightProbeVolumeOverride: {fileID: 0}
  m_ScaleInLightmap: 1
  m_ReceiveGI: 1
  m_PreserveUVs: 0
  m_IgnoreNormalsForChartDetection: 0
  m_ImportantGI: 0
  m_StitchLightmapSeams: 1
  m_SelectedEditorRenderState: 3
  m_MinimumChartSize: 4
  m_AutoUVMaxDistance: 0.5
  m_AutoUVMaxAngle: 89
  m_LightmapParameters: {fileID: 0}
  m_SortingLayerID: 0
  m_SortingLayer: 0
  m_SortingOrder: 0
  m_AdditionalVertexStreams: {fileID: 0}
--- !u!1001 &958524677316168945
PrefabInstance:
  m_ObjectHideFlags: 0
  serializedVersion: 2
  m_Modification:
    m_TransformParent: {fileID: 0}
    m_Modifications:
    - target: {fileID: -8538520123318681653, guid: ed7ce8f8f6b45394a816c5afd1f41664, type: 3}
      propertyPath: m_RootOrder
      value: 0
      objectReference: {fileID: 0}
    - target: {fileID: -8538520123318681653, guid: ed7ce8f8f6b45394a816c5afd1f41664, type: 3}
      propertyPath: m_LocalPosition.x
      value: 0
      objectReference: {fileID: 0}
    - target: {fileID: -8538520123318681653, guid: ed7ce8f8f6b45394a816c5afd1f41664, type: 3}
      propertyPath: m_LocalPosition.y
      value: 0
      objectReference: {fileID: 0}
    - target: {fileID: -8538520123318681653, guid: ed7ce8f8f6b45394a816c5afd1f41664, type: 3}
      propertyPath: m_LocalPosition.z
      value: 0
      objectReference: {fileID: 0}
    - target: {fileID: -8538520123318681653, guid: ed7ce8f8f6b45394a816c5afd1f41664, type: 3}
      propertyPath: m_LocalRotation.w
      value: 1
      objectReference: {fileID: 0}
    - target: {fileID: -8538520123318681653, guid: ed7ce8f8f6b45394a816c5afd1f41664, type: 3}
      propertyPath: m_LocalRotation.x
      value: 0
      objectReference: {fileID: 0}
    - target: {fileID: -8538520123318681653, guid: ed7ce8f8f6b45394a816c5afd1f41664, type: 3}
      propertyPath: m_LocalRotation.y
      value: 0
      objectReference: {fileID: 0}
    - target: {fileID: -8538520123318681653, guid: ed7ce8f8f6b45394a816c5afd1f41664, type: 3}
      propertyPath: m_LocalRotation.z
      value: 0
      objectReference: {fileID: 0}
    - target: {fileID: -8538520123318681653, guid: ed7ce8f8f6b45394a816c5afd1f41664, type: 3}
      propertyPath: m_LocalEulerAnglesHint.x
      value: 0
      objectReference: {fileID: 0}
    - target: {fileID: -8538520123318681653, guid: ed7ce8f8f6b45394a816c5afd1f41664, type: 3}
      propertyPath: m_LocalEulerAnglesHint.y
      value: 0
      objectReference: {fileID: 0}
    - target: {fileID: -8538520123318681653, guid: ed7ce8f8f6b45394a816c5afd1f41664, type: 3}
      propertyPath: m_LocalEulerAnglesHint.z
      value: 0
      objectReference: {fileID: 0}
    - target: {fileID: -8470439955247413756, guid: ed7ce8f8f6b45394a816c5afd1f41664, type: 3}
      propertyPath: m_Layer
      value: 10
      objectReference: {fileID: 0}
    - target: {fileID: -2184565193147613219, guid: ed7ce8f8f6b45394a816c5afd1f41664, type: 3}
      propertyPath: m_Layer
      value: 10
      objectReference: {fileID: 0}
    - target: {fileID: -1324205484837410040, guid: ed7ce8f8f6b45394a816c5afd1f41664, type: 3}
      propertyPath: m_Enabled
      value: 0
      objectReference: {fileID: 0}
    - target: {fileID: -1324205484837410040, guid: ed7ce8f8f6b45394a816c5afd1f41664, type: 3}
      propertyPath: m_Materials.Array.data[0]
      value: 
      objectReference: {fileID: 2100000, guid: d9264e6c0eb429975af335c6b05555af, type: 2}
    - target: {fileID: -495756812588628942, guid: ed7ce8f8f6b45394a816c5afd1f41664, type: 3}
      propertyPath: m_Name
      value: Green Slime Bullet
      objectReference: {fileID: 0}
    - target: {fileID: -495756812588628942, guid: ed7ce8f8f6b45394a816c5afd1f41664, type: 3}
      propertyPath: m_Layer
      value: 10
      objectReference: {fileID: 0}
    - target: {fileID: 4630378445750345636, guid: ed7ce8f8f6b45394a816c5afd1f41664, type: 3}
      propertyPath: m_Layer
      value: 10
      objectReference: {fileID: 0}
    - target: {fileID: 6874211270401048507, guid: ed7ce8f8f6b45394a816c5afd1f41664, type: 3}
      propertyPath: m_Layer
      value: 10
      objectReference: {fileID: 0}
    m_RemovedComponents: []
  m_SourcePrefab: {fileID: 3620246292091213559, guid: ed7ce8f8f6b45394a816c5afd1f41664, type: 3}
--- !u!4 &345730652159669050 stripped
Transform:
  m_CorrespondingSourceObject: {fileID: -8538520123318681653, guid: ed7ce8f8f6b45394a816c5afd1f41664, type: 3}
  m_PrefabInstance: {fileID: 958524677316168945}
  m_PrefabAsset: {fileID: 0}
--- !u!1 &5552715914684879701 stripped
GameObject:
  m_CorrespondingSourceObject: {fileID: 4630378445750345636, guid: ed7ce8f8f6b45394a816c5afd1f41664, type: 3}
  m_PrefabInstance: {fileID: 958524677316168945}
  m_PrefabAsset: {fileID: 0}
--- !u!135 &917742169011836743
SphereCollider:
  m_ObjectHideFlags: 0
  m_CorrespondingSourceObject: {fileID: 0}
  m_PrefabInstance: {fileID: 0}
  m_PrefabAsset: {fileID: 0}
  m_GameObject: {fileID: 5552715914684879701}
  m_Material: {fileID: 0}
  m_IsTrigger: 0
  m_Enabled: 1
  serializedVersion: 2
  m_Radius: 0.055852666
  m_Center: {x: -0.0036352016, y: 0.020081632, z: -0.0070464686}
--- !u!23 &6976681916523358201 stripped
MeshRenderer:
  m_CorrespondingSourceObject: {fileID: -1324205484837410040, guid: ed7ce8f8f6b45394a816c5afd1f41664, type: 3}
  m_PrefabInstance: {fileID: 958524677316168945}
  m_PrefabAsset: {fileID: 0}
--- !u!1 &8382301526265989315 stripped
GameObject:
  m_CorrespondingSourceObject: {fileID: -495756812588628942, guid: ed7ce8f8f6b45394a816c5afd1f41664, type: 3}
  m_PrefabInstance: {fileID: 958524677316168945}
  m_PrefabAsset: {fileID: 0}
--- !u!114 &7029094314860867540
MonoBehaviour:
  m_ObjectHideFlags: 0
  m_CorrespondingSourceObject: {fileID: 0}
  m_PrefabInstance: {fileID: 0}
  m_PrefabAsset: {fileID: 0}
  m_GameObject: {fileID: 8382301526265989315}
  m_Enabled: 1
  m_EditorHideFlags: 0
  m_Script: {fileID: 11500000, guid: 3b6501244c613244685e05adcefbedff, type: 3}
  m_Name: 
  m_EditorClassIdentifier: 
  fadeMode: 0
  animateCrossFading: 0
  autoCollectRenderers: 1
  simplificationOptions:
    PreserveBorderEdges: 0
    PreserveUVSeamEdges: 0
    PreserveUVFoldoverEdges: 0
    PreserveSurfaceCurvature: 0
    EnableSmartLink: 1
    VertexLinkDistance: 5e-324
    MaxIterationCount: 100
    Agressiveness: 7
    ManualUVComponentCount: 0
    UVComponentCount: 2
  saveAssetsPath: 
  levels:
  - screenRelativeTransitionHeight: 0
    fadeTransitionWidth: 0
    quality: 0.2
    combineMeshes: 1
    combineSubMeshes: 1
    renderers: []
    skinQuality: 0
    shadowCastingMode: 1
    receiveShadows: 1
    motionVectorGenerationMode: 1
    skinnedMotionVectors: 1
    lightProbeUsage: 1
    reflectionProbeUsage: 1
  isGenerated: 1
--- !u!205 &5798484029491991775
LODGroup:
  m_ObjectHideFlags: 0
  m_CorrespondingSourceObject: {fileID: 0}
  m_PrefabInstance: {fileID: 0}
  m_PrefabAsset: {fileID: 0}
  m_GameObject: {fileID: 8382301526265989315}
  serializedVersion: 2
  m_LocalReferencePoint: {x: -0.0041996054, y: 0.020117208, z: -0.0066203102}
  m_Size: 0.1125223
  m_FadeMode: 0
  m_AnimateCrossFading: 0
  m_LastLODIsBillboard: 0
  m_LODs:
  - screenRelativeHeight: 0
    fadeTransitionWidth: 0
    renderers:
    - renderer: {fileID: 7890558080711618154}
  m_Enabled: 1
--- !u!114 &487902828581526697
MonoBehaviour:
  m_ObjectHideFlags: 0
  m_CorrespondingSourceObject: {fileID: 0}
  m_PrefabInstance: {fileID: 0}
  m_PrefabAsset: {fileID: 0}
  m_GameObject: {fileID: 8382301526265989315}
  m_Enabled: 1
  m_EditorHideFlags: 0
  m_Script: {fileID: 11500000, guid: 4e0eb9661dcb8ea4f8acb45586df32e4, type: 3}
  m_Name: 
  m_EditorClassIdentifier: 
  originalRenderers:
  - {fileID: 6976681916523358201}
