%YAML 1.1
%TAG !u! tag:unity3d.com,2011:
--- !u!29 &1
OcclusionCullingSettings:
  m_ObjectHideFlags: 0
  serializedVersion: 2
  m_OcclusionBakeSettings:
    smallestOccluder: 5
    smallestHole: 0.25
    backfaceThreshold: 100
  m_SceneGUID: 00000000000000000000000000000000
  m_OcclusionCullingData: {fileID: 0}
--- !u!104 &2
RenderSettings:
  m_ObjectHideFlags: 0
  serializedVersion: 9
  m_Fog: 0
  m_FogColor: {r: 0.5, g: 0.5, b: 0.5, a: 1}
  m_FogMode: 3
  m_FogDensity: 0.01
  m_LinearFogStart: 0
  m_LinearFogEnd: 300
  m_AmbientSkyColor: {r: 0.212, g: 0.227, b: 0.259, a: 1}
  m_AmbientEquatorColor: {r: 0.114, g: 0.125, b: 0.133, a: 1}
  m_AmbientGroundColor: {r: 0.047, g: 0.043, b: 0.035, a: 1}
  m_AmbientIntensity: 1
  m_AmbientMode: 0
  m_SubtractiveShadowColor: {r: 0.42, g: 0.478, b: 0.627, a: 1}
  m_SkyboxMaterial: {fileID: 10304, guid: 0000000000000000f000000000000000, type: 0}
  m_HaloStrength: 0.5
  m_FlareStrength: 1
  m_FlareFadeSpeed: 3
  m_HaloTexture: {fileID: 0}
  m_SpotCookie: {fileID: 10001, guid: 0000000000000000e000000000000000, type: 0}
  m_DefaultReflectionMode: 0
  m_DefaultReflectionResolution: 256
  m_ReflectionBounces: 1
  m_ReflectionIntensity: 1
  m_CustomReflection: {fileID: 0}
  m_Sun: {fileID: 0}
  m_IndirectSpecularColor: {r: 0.17276844, g: 0.21589246, b: 0.2978263, a: 1}
  m_UseRadianceAmbientProbe: 0
--- !u!157 &3
LightmapSettings:
  m_ObjectHideFlags: 0
  serializedVersion: 12
  m_GIWorkflowMode: 0
  m_GISettings:
    serializedVersion: 2
    m_BounceScale: 1
    m_IndirectOutputScale: 2
    m_AlbedoBoost: 1
    m_EnvironmentLightingMode: 0
    m_EnableBakedLightmaps: 0
    m_EnableRealtimeLightmaps: 0
  m_LightmapEditorSettings:
    serializedVersion: 12
    m_Resolution: 2
    m_BakeResolution: 40
    m_AtlasSize: 1024
    m_AO: 0
    m_AOMaxDistance: 1
    m_CompAOExponent: 1
    m_CompAOExponentDirect: 0
    m_ExtractAmbientOcclusion: 0
    m_Padding: 2
    m_LightmapParameters: {fileID: 0}
    m_LightmapsBakeMode: 1
    m_TextureCompression: 1
    m_FinalGather: 0
    m_FinalGatherFiltering: 1
    m_FinalGatherRayCount: 256
    m_ReflectionCompression: 2
    m_MixedBakeMode: 2
    m_BakeBackend: 2
    m_PVRSampling: 1
    m_PVRDirectSampleCount: 32
    m_PVRSampleCount: 500
    m_PVRBounces: 2
    m_PVREnvironmentSampleCount: 500
    m_PVREnvironmentReferencePointCount: 2048
    m_PVRFilteringMode: 2
    m_PVRDenoiserTypeDirect: 0
    m_PVRDenoiserTypeIndirect: 0
    m_PVRDenoiserTypeAO: 0
    m_PVRFilterTypeDirect: 0
    m_PVRFilterTypeIndirect: 0
    m_PVRFilterTypeAO: 0
    m_PVREnvironmentMIS: 0
    m_PVRCulling: 1
    m_PVRFilteringGaussRadiusDirect: 1
    m_PVRFilteringGaussRadiusIndirect: 5
    m_PVRFilteringGaussRadiusAO: 2
    m_PVRFilteringAtrousPositionSigmaDirect: 0.5
    m_PVRFilteringAtrousPositionSigmaIndirect: 2
    m_PVRFilteringAtrousPositionSigmaAO: 1
    m_ExportTrainingData: 0
    m_TrainingDataDestination: TrainingData
    m_LightProbeSampleCountMultiplier: 4
  m_LightingDataAsset: {fileID: 112000000, guid: 1c38a4c9049a89a48aa84d068e6341b0, type: 2}
  m_LightingSettings: {fileID: 4890085278179872738, guid: ee876f8fff95da44f9b806764c3011cd, type: 2}
--- !u!196 &4
NavMeshSettings:
  serializedVersion: 2
  m_ObjectHideFlags: 0
  m_BuildSettings:
    serializedVersion: 2
    agentTypeID: 0
    agentRadius: 0.5
    agentHeight: 2
    agentSlope: 45
    agentClimb: 0.4
    ledgeDropHeight: 0
    maxJumpAcrossDistance: 0
    minRegionArea: 2
    manualCellSize: 0
    cellSize: 0.16666667
    manualTileSize: 0
    tileSize: 256
    accuratePlacement: 0
    maxJobWorkers: 0
    preserveTilesOutsideBounds: 0
    debug:
      m_Flags: 0
  m_NavMeshData: {fileID: 0}
--- !u!1001 &261851406
PrefabInstance:
  m_ObjectHideFlags: 0
  serializedVersion: 2
  m_Modification:
    m_TransformParent: {fileID: 0}
    m_Modifications:
    - target: {fileID: 6234891588360196262, guid: fb373877fca12d246b250ee8ae8b4b19, type: 3}
      propertyPath: m_RootOrder
      value: 0
      objectReference: {fileID: 0}
    - target: {fileID: 6234891588360196262, guid: fb373877fca12d246b250ee8ae8b4b19, type: 3}
      propertyPath: m_LocalPosition.x
      value: 0
      objectReference: {fileID: 0}
    - target: {fileID: 6234891588360196262, guid: fb373877fca12d246b250ee8ae8b4b19, type: 3}
      propertyPath: m_LocalPosition.y
      value: 0
      objectReference: {fileID: 0}
    - target: {fileID: 6234891588360196262, guid: fb373877fca12d246b250ee8ae8b4b19, type: 3}
      propertyPath: m_LocalPosition.z
      value: 0
      objectReference: {fileID: 0}
    - target: {fileID: 6234891588360196262, guid: fb373877fca12d246b250ee8ae8b4b19, type: 3}
      propertyPath: m_LocalRotation.w
      value: 1
      objectReference: {fileID: 0}
    - target: {fileID: 6234891588360196262, guid: fb373877fca12d246b250ee8ae8b4b19, type: 3}
      propertyPath: m_LocalRotation.x
      value: 0
      objectReference: {fileID: 0}
    - target: {fileID: 6234891588360196262, guid: fb373877fca12d246b250ee8ae8b4b19, type: 3}
      propertyPath: m_LocalRotation.y
      value: 0
      objectReference: {fileID: 0}
    - target: {fileID: 6234891588360196262, guid: fb373877fca12d246b250ee8ae8b4b19, type: 3}
      propertyPath: m_LocalRotation.z
      value: 0
      objectReference: {fileID: 0}
    - target: {fileID: 6234891588360196262, guid: fb373877fca12d246b250ee8ae8b4b19, type: 3}
      propertyPath: m_LocalEulerAnglesHint.x
      value: 0
      objectReference: {fileID: 0}
    - target: {fileID: 6234891588360196262, guid: fb373877fca12d246b250ee8ae8b4b19, type: 3}
      propertyPath: m_LocalEulerAnglesHint.y
      value: 0
      objectReference: {fileID: 0}
    - target: {fileID: 6234891588360196262, guid: fb373877fca12d246b250ee8ae8b4b19, type: 3}
      propertyPath: m_LocalEulerAnglesHint.z
      value: 0
      objectReference: {fileID: 0}
    - target: {fileID: 6237177199763067102, guid: fb373877fca12d246b250ee8ae8b4b19, type: 3}
      propertyPath: m_Name
      value: Player
      objectReference: {fileID: 0}
    m_RemovedComponents: []
  m_SourcePrefab: {fileID: 100100000, guid: fb373877fca12d246b250ee8ae8b4b19, type: 3}
--- !u!1 &572041096
GameObject:
  m_ObjectHideFlags: 0
  m_CorrespondingSourceObject: {fileID: 0}
  m_PrefabInstance: {fileID: 0}
  m_PrefabAsset: {fileID: 0}
  serializedVersion: 6
  m_Component:
  - component: {fileID: 572041097}
  - component: {fileID: 572041098}
  m_Layer: 0
  m_Name: Loseable Scenerio
  m_TagString: Untagged
  m_Icon: {fileID: 0}
  m_NavMeshLayer: 0
  m_StaticEditorFlags: 2147483647
  m_IsActive: 1
--- !u!4 &572041097
Transform:
  m_ObjectHideFlags: 0
  m_CorrespondingSourceObject: {fileID: 0}
  m_PrefabInstance: {fileID: 0}
  m_PrefabAsset: {fileID: 0}
  m_GameObject: {fileID: 572041096}
  m_LocalRotation: {x: 0, y: 0, z: 0, w: 1}
  m_LocalPosition: {x: 0, y: 0, z: 0}
  m_LocalScale: {x: 1, y: 1, z: 1}
  m_ConstrainProportionsScale: 0
  m_Children: []
  m_Father: {fileID: 890320613}
  m_RootOrder: 1
  m_LocalEulerAnglesHint: {x: 0, y: 0, z: 0}
--- !u!114 &572041098
MonoBehaviour:
  m_ObjectHideFlags: 0
  m_CorrespondingSourceObject: {fileID: 0}
  m_PrefabInstance: {fileID: 0}
  m_PrefabAsset: {fileID: 0}
  m_GameObject: {fileID: 572041096}
  m_Enabled: 1
  m_EditorHideFlags: 0
  m_Script: {fileID: 11500000, guid: 604aa0e3b48292c4b904dff7295f1fc0, type: 3}
  m_Name: 
  m_EditorClassIdentifier: 
  handleMultipleInstances: 0
  persistant: 0
--- !u!1001 &621800153
PrefabInstance:
  m_ObjectHideFlags: 0
  serializedVersion: 2
  m_Modification:
    m_TransformParent: {fileID: 0}
    m_Modifications:
    - target: {fileID: 1273282836981334, guid: 2b3ecf70354253a44aa3f2b86bd1cf2b, type: 3}
      propertyPath: m_StaticEditorFlags
      value: 2147483647
      objectReference: {fileID: 0}
    - target: {fileID: 1335000031548114, guid: 2b3ecf70354253a44aa3f2b86bd1cf2b, type: 3}
      propertyPath: m_StaticEditorFlags
      value: 2147483647
      objectReference: {fileID: 0}
    - target: {fileID: 1360973589589652, guid: 2b3ecf70354253a44aa3f2b86bd1cf2b, type: 3}
      propertyPath: m_Name
      value: Game Manager
      objectReference: {fileID: 0}
    - target: {fileID: 1360973589589652, guid: 2b3ecf70354253a44aa3f2b86bd1cf2b, type: 3}
      propertyPath: m_IsActive
      value: 1
      objectReference: {fileID: 0}
    - target: {fileID: 1360973589589652, guid: 2b3ecf70354253a44aa3f2b86bd1cf2b, type: 3}
      propertyPath: m_StaticEditorFlags
      value: 2147483647
      objectReference: {fileID: 0}
    - target: {fileID: 1557581215671032, guid: 2b3ecf70354253a44aa3f2b86bd1cf2b, type: 3}
      propertyPath: m_StaticEditorFlags
      value: 2147483647
      objectReference: {fileID: 0}
    - target: {fileID: 1664425649139186, guid: 2b3ecf70354253a44aa3f2b86bd1cf2b, type: 3}
      propertyPath: m_StaticEditorFlags
      value: 2147483647
      objectReference: {fileID: 0}
    - target: {fileID: 1820460020492984, guid: 2b3ecf70354253a44aa3f2b86bd1cf2b, type: 3}
      propertyPath: m_StaticEditorFlags
      value: 2147483647
      objectReference: {fileID: 0}
    - target: {fileID: 1894003584815226, guid: 2b3ecf70354253a44aa3f2b86bd1cf2b, type: 3}
      propertyPath: m_StaticEditorFlags
      value: 2147483647
      objectReference: {fileID: 0}
    - target: {fileID: 4787721837685190, guid: 2b3ecf70354253a44aa3f2b86bd1cf2b, type: 3}
      propertyPath: m_RootOrder
      value: 1
      objectReference: {fileID: 0}
    - target: {fileID: 4787721837685190, guid: 2b3ecf70354253a44aa3f2b86bd1cf2b, type: 3}
      propertyPath: m_LocalPosition.x
      value: 0
      objectReference: {fileID: 0}
    - target: {fileID: 4787721837685190, guid: 2b3ecf70354253a44aa3f2b86bd1cf2b, type: 3}
      propertyPath: m_LocalPosition.y
      value: 0
      objectReference: {fileID: 0}
    - target: {fileID: 4787721837685190, guid: 2b3ecf70354253a44aa3f2b86bd1cf2b, type: 3}
      propertyPath: m_LocalPosition.z
      value: 0
      objectReference: {fileID: 0}
    - target: {fileID: 4787721837685190, guid: 2b3ecf70354253a44aa3f2b86bd1cf2b, type: 3}
      propertyPath: m_LocalRotation.w
      value: 1
      objectReference: {fileID: 0}
    - target: {fileID: 4787721837685190, guid: 2b3ecf70354253a44aa3f2b86bd1cf2b, type: 3}
      propertyPath: m_LocalRotation.x
      value: 0
      objectReference: {fileID: 0}
    - target: {fileID: 4787721837685190, guid: 2b3ecf70354253a44aa3f2b86bd1cf2b, type: 3}
      propertyPath: m_LocalRotation.y
      value: 0
      objectReference: {fileID: 0}
    - target: {fileID: 4787721837685190, guid: 2b3ecf70354253a44aa3f2b86bd1cf2b, type: 3}
      propertyPath: m_LocalRotation.z
      value: 0
      objectReference: {fileID: 0}
    - target: {fileID: 4787721837685190, guid: 2b3ecf70354253a44aa3f2b86bd1cf2b, type: 3}
      propertyPath: m_LocalEulerAnglesHint.x
      value: 0
      objectReference: {fileID: 0}
    - target: {fileID: 4787721837685190, guid: 2b3ecf70354253a44aa3f2b86bd1cf2b, type: 3}
      propertyPath: m_LocalEulerAnglesHint.y
      value: 0
      objectReference: {fileID: 0}
    - target: {fileID: 4787721837685190, guid: 2b3ecf70354253a44aa3f2b86bd1cf2b, type: 3}
      propertyPath: m_LocalEulerAnglesHint.z
      value: 0
      objectReference: {fileID: 0}
    - target: {fileID: 114851769454603458, guid: 2b3ecf70354253a44aa3f2b86bd1cf2b, type: 3}
      propertyPath: mostRecentLevelName
      value: Ocean
      objectReference: {fileID: 0}
    - target: {fileID: 114998065516764652, guid: 2b3ecf70354253a44aa3f2b86bd1cf2b, type: 3}
      propertyPath: saveAndLoadObjects.Array.size
      value: 1
      objectReference: {fileID: 0}
    - target: {fileID: 114998065516764652, guid: 2b3ecf70354253a44aa3f2b86bd1cf2b, type: 3}
      propertyPath: saveAndLoadObjects.Array.data[0]
      value: 
      objectReference: {fileID: 0}
    - target: {fileID: 809889018626986368, guid: 2b3ecf70354253a44aa3f2b86bd1cf2b, type: 3}
      propertyPath: m_StaticEditorFlags
      value: 2147483647
      objectReference: {fileID: 0}
    - target: {fileID: 1465673807639908787, guid: 2b3ecf70354253a44aa3f2b86bd1cf2b, type: 3}
      propertyPath: m_StaticEditorFlags
      value: 2147483647
      objectReference: {fileID: 0}
    - target: {fileID: 1615189820004046233, guid: 2b3ecf70354253a44aa3f2b86bd1cf2b, type: 3}
      propertyPath: data.dataString
      value: UEsDBBQAAAgIAACAn+srkxgsUwIAABcFAAALACQAZ3JhcGgwLmpzb24KACAAAAAAAAEAGAAAgD7V3rGdAQCAPtXesZ0BAIA+1d6xnQFlVE1z2jAQ/SuMzk0HO0BIb60hpAcCE9rJxRdhrbEGWfLog8/hv1eSZeyak+23b9++Xa18RZSrCjIt5EJSshQE0I8Bcu/o26ANvsMJ7wTf0As0nC9KdOFI2HM+sabC4pFLU6IELWn2k++YIw8taDjNhSznZAeJUFpZOMdMgQ1JoV02t9B1gE4h4RyeF/cc3OxbBlyDbFlRj/UUvXqe4RnDZQXE+W3p8aiRjaOpJ3LbS+A4rUwwRlUwgvS58o0muFLGtmEJhGLbmLcQf5+6lALortD+e9xVWOW5Ah28SXyeUWmHVEujX6KeXInVvrZ3wMzAvc9adPkQjeLadi5F+d4UjoauhC5otv/E5wwrB2ppoIfOHrwbfsRsj7cMvgrgH2IhheGkzTYK4lnnmO7NJQVk+06g9tugTXb1eJxRe5w33/8pYbTchoj93DDhh/7ihgnSHs9va9kvhwo6FnUe/ir4g3fdLQqBNyqVtqEgyp23rTDSUdHcD831YnQiJAcPB8cVcMz0eW1ldP8Ie7FO2V7kDbv7EoqHWHMNeikebvnDYS+0FkdolFQhjktQxcpoRnlXzEU+7KASwXm9Yp2WmrSNkTnOumk7Q8n/24VGI/IcTUYAWTwdvQB+gng8nsA4irev+XT4PEF++yi3jWK2rp2G+dhj421Zblet+Y8MFhJXft2JxMcFvZSiY5DyXGwyCcBXtcK9LZC2iL2bZE6ondAGtKbcHzi6poiJbA8kvQulvtX5SUuctiopquhBaIekKPF/jxQ5+L7KawkHCkdXvBG7ods/UEsDBBQAAAgIAACAn+tO8r4kbQAAAHgAAAAJACQAbWV0YS5qc29uCgAgAAAAAAABABgAAIA+1d6xnQEAgD7V3rGdAQCAPtXesZ0Bq1YqSy0qzszPU7JSMNEz0jM011FQSi9KLMgoBooYgjilmSkgdrSSiUmKsaGZSWpqspGFiXlqom6qkampWaqpoVGSZZqFgbGZUixQfUllQapfYm4qRE9AYklGWmZeSmZeup57UWaKO8hopdhaAFBLAQItABQAAAgIAACAn+srkxgsUwIAABcFAAALACQAAAAAAAAAAAAAAAAAAABncmFwaDAuanNvbgoAIAAAAAAAAQAYAACAPtXesZ0BAIA+1d6xnQEAgD7V3rGdAVBLAQItABQAAAgIAACAn+tO8r4kbQAAAHgAAAAJACQAAAAAAAAAAAAAAKACAABtZXRhLmpzb24KACAAAAAAAAEAGAAAgD7V3rGdAQCAPtXesZ0BAIA+1d6xnQFQSwUGAAAAAAIAAgC4AAAAWAMAAAAA
      objectReference: {fileID: 0}
    - target: {fileID: 3803341512611097982, guid: 2b3ecf70354253a44aa3f2b86bd1cf2b, type: 3}
      propertyPath: m_StaticEditorFlags
      value: 2147483647
      objectReference: {fileID: 0}
    m_RemovedComponents: []
  m_SourcePrefab: {fileID: 100100000, guid: 2b3ecf70354253a44aa3f2b86bd1cf2b, type: 3}
--- !u!1 &687620414
GameObject:
  m_ObjectHideFlags: 0
  m_CorrespondingSourceObject: {fileID: 0}
  m_PrefabInstance: {fileID: 0}
  m_PrefabAsset: {fileID: 0}
  serializedVersion: 6
  m_Component:
  - component: {fileID: 687620416}
  - component: {fileID: 687620415}
  m_Layer: 0
  m_Name: Object Pool
  m_TagString: Untagged
  m_Icon: {fileID: 0}
  m_NavMeshLayer: 0
  m_StaticEditorFlags: 2147483647
  m_IsActive: 1
--- !u!114 &687620415
MonoBehaviour:
  m_ObjectHideFlags: 0
  m_CorrespondingSourceObject: {fileID: 0}
  m_PrefabInstance: {fileID: 0}
  m_PrefabAsset: {fileID: 0}
  m_GameObject: {fileID: 687620414}
  m_Enabled: 1
  m_EditorHideFlags: 0
  m_Script: {fileID: 11500000, guid: b9bd6048c8cfe0642873f693d7d19849, type: 3}
  m_Name: 
  m_EditorClassIdentifier: 
  handleMultipleInstances: 0
  persistant: 0
  preloadOnAwake: 0
  trs: {fileID: 687620416}
  spawnEntries:
  - prefab: {fileID: 1484056032055366, guid: de50194a7acb1084fbf6d17a12376a92, type: 3}
    trs: {fileID: 4904212694774762, guid: de50194a7acb1084fbf6d17a12376a92, type: 3}
    prefabIndex: 0
    createdCount: 0
    preload: 5
  - prefab: {fileID: 1484056032055366, guid: 7bcd98c625341ad4e99bd881a56974af, type: 3}
    trs: {fileID: 4904212694774762, guid: 7bcd98c625341ad4e99bd881a56974af, type: 3}
    prefabIndex: 0
    createdCount: 0
    preload: 40
  - prefab: {fileID: 1484056032055366, guid: b5f35a5c2d829f243bd58f3c95219a48, type: 3}
    trs: {fileID: 4904212694774762, guid: b5f35a5c2d829f243bd58f3c95219a48, type: 3}
    prefabIndex: 0
    createdCount: 0
    preload: 10
  - prefab: {fileID: 3193678764012264865, guid: f4ed2b0ba90d2ed479ef9c81ab2ad0dc, type: 3}
    trs: {fileID: 4105420756752213744, guid: f4ed2b0ba90d2ed479ef9c81ab2ad0dc, type: 3}
    prefabIndex: 0
    createdCount: 0
    preload: 5
  - prefab: {fileID: 2454415839995833856, guid: 745a9474958c5fb46ab10377deb8970a, type: 3}
    trs: {fileID: 9118797435194116004, guid: 745a9474958c5fb46ab10377deb8970a, type: 3}
    prefabIndex: 0
    createdCount: 0
    preload: 5
  - prefab: {fileID: 1259212416785171017, guid: 81598f3d443cbd644beee6837744cec5, type: 3}
    trs: {fileID: 1259212416785171014, guid: 81598f3d443cbd644beee6837744cec5, type: 3}
    prefabIndex: 0
    createdCount: 0
    preload: 5
--- !u!4 &687620416
Transform:
  m_ObjectHideFlags: 0
  m_CorrespondingSourceObject: {fileID: 0}
  m_PrefabInstance: {fileID: 0}
  m_PrefabAsset: {fileID: 0}
  m_GameObject: {fileID: 687620414}
  m_LocalRotation: {x: 0, y: 0, z: 0, w: 1}
  m_LocalPosition: {x: 0, y: 0, z: 0}
  m_LocalScale: {x: 1, y: 1, z: 1}
  m_ConstrainProportionsScale: 0
  m_Children: []
  m_Father: {fileID: 0}
  m_RootOrder: 2
  m_LocalEulerAnglesHint: {x: 0, y: 0, z: 0}
--- !u!1 &890320611
GameObject:
  m_ObjectHideFlags: 0
  m_CorrespondingSourceObject: {fileID: 0}
  m_PrefabInstance: {fileID: 0}
  m_PrefabAsset: {fileID: 0}
  serializedVersion: 6
  m_Component:
  - component: {fileID: 890320613}
  m_Layer: 0
  m_Name: Scripts
  m_TagString: Untagged
  m_Icon: {fileID: 0}
  m_NavMeshLayer: 0
  m_StaticEditorFlags: 2147483647
  m_IsActive: 1
--- !u!4 &890320613
Transform:
  m_ObjectHideFlags: 0
  m_CorrespondingSourceObject: {fileID: 0}
  m_PrefabInstance: {fileID: 0}
  m_PrefabAsset: {fileID: 0}
  m_GameObject: {fileID: 890320611}
  m_LocalRotation: {x: -0, y: -0, z: -0, w: 1}
  m_LocalPosition: {x: 0, y: 0, z: 0}
  m_LocalScale: {x: 1, y: 1, z: 1}
  m_ConstrainProportionsScale: 0
  m_Children:
  - {fileID: 2036367937}
  - {fileID: 572041097}
  m_Father: {fileID: 0}
  m_RootOrder: 3
  m_LocalEulerAnglesHint: {x: 0, y: 0, z: 0}
--- !u!1 &1688030794
GameObject:
  m_ObjectHideFlags: 0
  m_CorrespondingSourceObject: {fileID: 0}
  m_PrefabInstance: {fileID: 0}
  m_PrefabAsset: {fileID: 0}
  serializedVersion: 6
  m_Component:
  - component: {fileID: 1688030796}
  - component: {fileID: 1688030795}
  m_Layer: 0
  m_Name: Directional Light
  m_TagString: Untagged
  m_Icon: {fileID: 0}
  m_NavMeshLayer: 0
  m_StaticEditorFlags: 0
  m_IsActive: 1
--- !u!108 &1688030795
Light:
  m_ObjectHideFlags: 0
  m_CorrespondingSourceObject: {fileID: 0}
  m_PrefabInstance: {fileID: 0}
  m_PrefabAsset: {fileID: 0}
  m_GameObject: {fileID: 1688030794}
  m_Enabled: 1
  serializedVersion: 10
  m_Type: 1
  m_Shape: 0
  m_Color: {r: 1, g: 1, b: 1, a: 1}
  m_Intensity: 1
  m_Range: 10
  m_SpotAngle: 30
  m_InnerSpotAngle: 21.80208
  m_CookieSize: 10
  m_Shadows:
    m_Type: 2
    m_Resolution: -1
    m_CustomResolution: -1
    m_Strength: 1
    m_Bias: 0.05
    m_NormalBias: 0.4
    m_NearPlane: 0.2
    m_CullingMatrixOverride:
      e00: 1
      e01: 0
      e02: 0
      e03: 0
      e10: 0
      e11: 1
      e12: 0
      e13: 0
      e20: 0
      e21: 0
      e22: 1
      e23: 0
      e30: 0
      e31: 0
      e32: 0
      e33: 1
    m_UseCullingMatrixOverride: 0
  m_Cookie: {fileID: 0}
  m_DrawHalo: 0
  m_Flare: {fileID: 0}
  m_RenderMode: 0
  m_CullingMask:
    serializedVersion: 2
    m_Bits: 4294967295
  m_RenderingLayerMask: 1
  m_Lightmapping: 4
  m_LightShadowCasterMode: 0
  m_AreaSize: {x: 1, y: 1}
  m_BounceIntensity: 1
  m_ColorTemperature: 6570
  m_UseColorTemperature: 0
  m_BoundingSphereOverride: {x: 0, y: 0, z: 0, w: 0}
  m_UseBoundingSphereOverride: 0
  m_UseViewFrustumForShadowCasterCull: 1
  m_ShadowRadius: 0
  m_ShadowAngle: 0
--- !u!4 &1688030796
Transform:
  m_ObjectHideFlags: 0
  m_CorrespondingSourceObject: {fileID: 0}
  m_PrefabInstance: {fileID: 0}
  m_PrefabAsset: {fileID: 0}
  m_GameObject: {fileID: 1688030794}
  m_LocalRotation: {x: 0.7071068, y: 0, z: 0, w: 0.7071068}
  m_LocalPosition: {x: 0, y: 0, z: 0}
  m_LocalScale: {x: 1, y: 1, z: 1}
  m_ConstrainProportionsScale: 0
  m_Children: []
  m_Father: {fileID: 0}
  m_RootOrder: 4
  m_LocalEulerAnglesHint: {x: 90, y: 0, z: 0}
--- !u!1 &2036367936
GameObject:
  m_ObjectHideFlags: 0
  m_CorrespondingSourceObject: {fileID: 0}
  m_PrefabInstance: {fileID: 0}
  m_PrefabAsset: {fileID: 0}
  serializedVersion: 6
  m_Component:
  - component: {fileID: 2036367937}
  m_Layer: 0
  m_Name: Editor Scripts
  m_TagString: EditorOnly
  m_Icon: {fileID: 0}
  m_NavMeshLayer: 0
  m_StaticEditorFlags: 2147483647
  m_IsActive: 1
--- !u!4 &2036367937
Transform:
  m_ObjectHideFlags: 0
  m_CorrespondingSourceObject: {fileID: 0}
  m_PrefabInstance: {fileID: 0}
  m_PrefabAsset: {fileID: 0}
  m_GameObject: {fileID: 2036367936}
  m_LocalRotation: {x: -0, y: -0, z: -0, w: 1}
  m_LocalPosition: {x: 0, y: 0, z: 0}
  m_LocalScale: {x: 1, y: 1, z: 1}
  m_ConstrainProportionsScale: 0
  m_Children: []
  m_Father: {fileID: 890320613}
  m_RootOrder: 0
  m_LocalEulerAnglesHint: {x: 0, y: 0, z: 0}
--- !u!1001 &7300267540089383284
PrefabInstance:
  m_ObjectHideFlags: 0
  serializedVersion: 2
  m_Modification:
    m_TransformParent: {fileID: 0}
    m_Modifications:
    - target: {fileID: 7300267539994905142, guid: b5328c04098f4e05b94a00efa6254c49, type: 3}
      propertyPath: m_RootOrder
      value: 5
      objectReference: {fileID: 0}
    - target: {fileID: 7300267539994905142, guid: b5328c04098f4e05b94a00efa6254c49, type: 3}
      propertyPath: m_LocalScale.x
      value: 25
      objectReference: {fileID: 0}
    - target: {fileID: 7300267539994905142, guid: b5328c04098f4e05b94a00efa6254c49, type: 3}
      propertyPath: m_LocalScale.z
      value: 25
      objectReference: {fileID: 0}
    - target: {fileID: 7300267539994905142, guid: b5328c04098f4e05b94a00efa6254c49, type: 3}
      propertyPath: m_LocalPosition.x
      value: 0
      objectReference: {fileID: 0}
    - target: {fileID: 7300267539994905142, guid: b5328c04098f4e05b94a00efa6254c49, type: 3}
      propertyPath: m_LocalPosition.y
      value: -2
      objectReference: {fileID: 0}
    - target: {fileID: 7300267539994905142, guid: b5328c04098f4e05b94a00efa6254c49, type: 3}
      propertyPath: m_LocalPosition.z
      value: 0
      objectReference: {fileID: 0}
    - target: {fileID: 7300267539994905142, guid: b5328c04098f4e05b94a00efa6254c49, type: 3}
      propertyPath: m_LocalRotation.w
      value: 1
      objectReference: {fileID: 0}
    - target: {fileID: 7300267539994905142, guid: b5328c04098f4e05b94a00efa6254c49, type: 3}
      propertyPath: m_LocalRotation.x
      value: 0
      objectReference: {fileID: 0}
    - target: {fileID: 7300267539994905142, guid: b5328c04098f4e05b94a00efa6254c49, type: 3}
      propertyPath: m_LocalRotation.y
      value: 0
      objectReference: {fileID: 0}
    - target: {fileID: 7300267539994905142, guid: b5328c04098f4e05b94a00efa6254c49, type: 3}
      propertyPath: m_LocalRotation.z
      value: 0
      objectReference: {fileID: 0}
    - target: {fileID: 7300267539994905142, guid: b5328c04098f4e05b94a00efa6254c49, type: 3}
      propertyPath: m_LocalEulerAnglesHint.x
      value: 0
      objectReference: {fileID: 0}
    - target: {fileID: 7300267539994905142, guid: b5328c04098f4e05b94a00efa6254c49, type: 3}
      propertyPath: m_LocalEulerAnglesHint.y
      value: 0
      objectReference: {fileID: 0}
    - target: {fileID: 7300267539994905142, guid: b5328c04098f4e05b94a00efa6254c49, type: 3}
      propertyPath: m_LocalEulerAnglesHint.z
      value: 0
      objectReference: {fileID: 0}
    - target: {fileID: 7300267539994905162, guid: b5328c04098f4e05b94a00efa6254c49, type: 3}
      propertyPath: m_Name
      value: Wall
      objectReference: {fileID: 0}
    m_RemovedComponents: []
  m_SourcePrefab: {fileID: 100100000, guid: b5328c04098f4e05b94a00efa6254c49, type: 3}
